@misc{svg2,
title={An SVG Primer for Today's Browsers},
author={W3 Consortium},
year={2010},
note={\url{http://www.w3.org/Graphics/SVG/IG/resources/svgprimer.html}}
}

@misc{svg,
author={W3 Consortium},
title={Scalable Vector Graphics},
year={2015},
note={\url{http://www.w3.org/Graphics/SVG/}}
}

@book{exif,
title={Exchangeable image file format for digital still cameras: Exif Version 2.3},
author={Camera \& Imaging Products Association},
note={\url{http://www.cipa.jp/std/documents/e/DC-008-2012_E.pdf}},
year={2012}
}
@book{burger,
author={Wilhelm Burger and Mark Burge},
title={Principles of digital image processing: core algorithms},
publisher={Springer},
year={2009}
}

@book{gonzalez,
title={Processamento Digital De Imagens},
author={Rafael C. Gonzalez and Richard E. Woods},
publisher={Pearson Prentice Hall},
year={2010}
}

@book{petrou,
author={Maria Petrou and Costas Petrou},
title={Image Processing: The Fundamentals},
edition={2},
publisher={Willey},
year={2010}
}

@misc{dados-raros,
author={IAG/USP and Observatório Nacional/RJ and Museu de Astronomia e Ciências Afins/RJ.},
note={Projeto Dados Raros. \url{http://www.dadosraros.iag.usp.br/acervo/}}
}

@book{sismicidade-brasil,
title={Sismicidade do Brasil},
author={J. Berrocal and M.Assumpção and R. Antezana and C. M. Dias Neto},
publisher={IAG/USP},
year={1982},
note={Vencedor do prêmio Jabuti, \url{http://premiojabuti.com.br/edicoes-anteriores/premio-1985/}}
}
